@book{szeliski_2011, place={London}, title={Computer Vision: Algorithms and Applications}, publisher={Springer}, author={Szeliski, Richard}, year={2011}}
@book{burger_burge_2016, place={London}, title={Digital image processing: an algorithmic introduction using Java}, publisher={Springer}, author={Burger, Wilhelm and Burge, Mark James.}, year={2016}}
@book{mclaughlin_pollice_west_2010, place={Navi Mumbai}, title={Head first object-oriented analysis and design}, publisher={Shroff Publishers and Distributors Pvt. Ltd.}, author={McLaughlin, Brett and Pollice, Gary and West, David}, year={2010}}
@misc{kotlin, title={Kotlin Programming Language}, url={https://kotlinlang.org/}, journal={Kotlin}}